@InProceedings{TxProbe,
    author = "Sergi Delgado-Segura and Surya Bakshi",
    title = "Discovering Bitcoin's Network Topology Using Orphan Transactions",
    month = dec,
    year = 2018
}

@InProceedings{DiscoveringBitcoinsPublicTopologyAndInfluentialNodes,
    author = "Andrew Miller and James Litton",
    title = "Discovering Bitcoin's Public Topology and Influential Nodes",
    year = 2015
}

@InProceedings{MajorityIsNotEnough,
    author = "Ittay Eyal and Emin Gun Sirer",
    title = "Majority is not Enough: Bitcoin Mining is Vulnerable",
    month = nov,
    year = 2013
}

@InProceedings{BitcoinAndBeyond,
    author = "Florian Tschorn and Bj{\"o}rn Scheuermann",
    title = "Bitcoin and Beyond: A Technical Survey on Decentralized Digital Currencies",
    month = "sep",
    year = 2015
}

@InProceedings{GithubBitcoin,
    author = "Bitcoin-Community",
    title = "Bitcoin Core integration/staging tree",
    month = "jan",
    year = 2018,
    url = "https://github.com/bitcoin/bitcoin"
}

@InProceedings{SatoshiPaper,
    author = "Satoshi Nakamoto",
    title = "Bitcoin: A Peer-to-Peer Electronic Cash System",
    month = "oct",
    year = 2008
}

@InProceedings{protocolDocumentation,
    author = "Bitcoin-Community",
    title = "Protocol Documentation",
    month = "jan",
    year = 2019,
    url = "https://en.bitcoin.it/wiki/Protocol_documentation"
}

@InProceedings{Power2Choices,
    author = "Michael Mitzenmacher and Andrea w. Richa",
    title = "The Power of Two Random Choices: A Survey of Techniques and Results",
    year = 2001
}

@InProceedings{geoDelay,
    author = "Lakshminarayanan Subramanian",
    title = "Correlation between delay and distance",
    year = 2002,
    month = "apr",
    url = "https://www.usenix.org/legacy/publications/library/proceedings/usenix02/full_papers/subramanian/subramanian_html/node21.html"
}

@InProceedings{networkx,
    author = "Networkx-Community",
    title = "Networkx Docs",
    year = 2019,
    month = "jan",
    url = "https://networkx.github.io/documentation/latest/"
}

@InProceedings{pingLookup,
    author = "wondernetwork",
    title = "Global Ping Statistics",
    year = 2019,
    month = "dec",
    url = "https://wondernetwork.com/pings"
}

@InProceedings{BlockchainInnefficiency,
    author = "Giuseppe Pappalardo and T. Di Matteo",
    title = "Blockchain Inefficiency in the Bitcoin Peers Network",
    year = 2017,
    month = "apr"
}

@InProceedings{guessingP2P,
    author = "Jonas Nick",
    title = "Guessing Bitcoin's P2P Connections",
    year = 2015,
    month = "mar",
    url = "https://jonasnick.github.io/blog/2015/03/06/guessing-bitcoins-p2p-connections/"
}